<record><leader>00000cas a22000007a 4500</leader><controlfield tag="001">13221197</controlfield><controlfield tag="008">860303c19859999wiudn ne      0   a0eng d</controlfield><datafield ind1=" " ind2=" " tag="010"><subfield code="a">sn 86012297 </subfield></datafield><datafield ind1=" " ind2=" " tag="040"><subfield code="a">NSD</subfield><subfield code="b">eng</subfield><subfield code="c">NSD</subfield><subfield code="d">NPV</subfield><subfield code="d">OCLCQ</subfield></datafield><datafield ind1=" " ind2=" " tag="012"><subfield code="m">y</subfield></datafield><datafield ind1="1" ind2=" " tag="022"><subfield code="a">0887-4271</subfield><subfield code="l">0887-4271</subfield><subfield code="y">8750-6521</subfield><subfield code="2">1</subfield></datafield><datafield ind1=" " ind2=" " tag="032"><subfield code="a">669880</subfield><subfield code="b">USPS</subfield></datafield><datafield ind1=" " ind2=" " tag="037"><subfield code="b">Wausau Daily Herald, 800 Scott St., P.O. Box 356, Wausau, WI 54401</subfield></datafield><datafield ind1=" " ind2=" " tag="042"><subfield code="a">nsdp</subfield></datafield><datafield ind1=" " ind2="0" tag="222"><subfield code="a">Wausau daily herald</subfield></datafield><datafield ind1="0" ind2="0" tag="245"><subfield code="a">Wausau daily herald.</subfield></datafield><datafield ind1="1" ind2="7" tag="246"><subfield code="a">Daily herald</subfield></datafield><datafield ind1="3" ind2="0" tag="246"><subfield code="a">Wausau Sunday herald</subfield></datafield><datafield ind1=" " ind2=" " tag="260"><subfield code="a">Wausau, Wis. :</subfield><subfield code="b">J. Barnes,</subfield><subfield code="c">1985-</subfield></datafield><datafield ind1=" " ind2=" " tag="300"><subfield code="a">v.</subfield></datafield><datafield ind1=" " ind2=" " tag="310"><subfield code="a">Daily (except certain holidays)</subfield></datafield><datafield ind1="0" ind2=" " tag="362"><subfield code="a">Vol. 77, no. 89 (Mar. 17, 1985)-</subfield></datafield><datafield ind1=" " ind2=" " tag="500"><subfield code="a">Published Sundays as: Wausau Sunday Herald.</subfield></datafield><datafield ind1=" " ind2=" " tag="752"><subfield code="a">United States</subfield><subfield code="b">Wisconsin</subfield><subfield code="c">Marathon</subfield><subfield code="d">Wausau.</subfield></datafield><datafield ind1=" " ind2=" " tag="752"><subfield code="a">United States</subfield><subfield code="b">Wisconsin</subfield><subfield code="c">Lincoln</subfield><subfield code="d">Merrill.</subfield></datafield><datafield ind1="0" ind2="0" tag="780"><subfield code="t">Daily herald (Wausau-Merrill, Wis.)</subfield><subfield code="x">8750-6521</subfield><subfield code="w">(DLC)sn 85000355</subfield></datafield></record>